<?xml version="1.0" encoding="UTF-8"?><record xmlns="http://www.loc.gov/MARC21/slim" xmlns:cinclude="http://apache.org/cocoon/include/1.0" xmlns:zs="http://www.loc.gov/zing/srw/">
  <leader>00743cz  a2200193n  4500</leader>
  <controlfield tag="001">no2009143903</controlfield>
  <controlfield tag="003">DLC</controlfield>
  <controlfield tag="005">20130327083251.0</controlfield>
  <controlfield tag="008">090910n| azannaabn          |a aaa     c</controlfield>
  <datafield tag="010" ind1=" " ind2=" ">
    <subfield code="a">no2009143903</subfield>
  </datafield>
  <datafield tag="035" ind1=" " ind2=" ">
    <subfield code="a">(OCoLC)oca08235586</subfield>
  </datafield>
  <datafield tag="040" ind1=" " ind2=" ">
    <subfield code="a">MsSM</subfield>
    <subfield code="b">eng</subfield>
    <subfield code="e">rda</subfield>
    <subfield code="c">MsSM</subfield>
    <subfield code="d">OCoLC</subfield>
    <subfield code="d">DLC</subfield>
  </datafield>
  <datafield tag="046" ind1=" " ind2=" ">
    <subfield code="f">1894</subfield>
  </datafield>
  <datafield tag="100" ind1="1" ind2=" ">
    <subfield code="a">Williams, C. F.</subfield>
    <subfield code="q">(Carlos Frost),</subfield>
    <subfield code="d">1894-</subfield>
  </datafield>
  <datafield tag="378" ind1=" " ind2=" ">
    <subfield code="q">Carlos Frost</subfield>
  </datafield>
  <datafield tag="400" ind1="1" ind2=" ">
    <subfield code="w">nnea</subfield>
    <subfield code="a">Williams, C. F.</subfield>
    <subfield code="q">(Carlos Frost),</subfield>
    <subfield code="d">b. 1894</subfield>
  </datafield>
  <datafield tag="400" ind1="1" ind2=" ">
    <subfield code="a">Williams, Carlos Frost,</subfield>
    <subfield code="d">1894-</subfield>
  </datafield>
  <datafield tag="670" ind1=" " ind2=" ">
    <subfield code="a">Williams, a new blackberry variety for Mississippi, 1962:</subfield>
    <subfield code="b">caption (C.F. Williams)</subfield>
  </datafield>
  <datafield tag="670" ind1=" " ind2=" ">
    <subfield code="a">OCLC, Sep. 10, 2009:</subfield>
    <subfield code="b">(hdgs.: Williams, C. F. (Carlos Frost), 1894-; Williams, Carlos F.; Williams, C. F.; usage: C.F. Williams; Carlos F. Williams)</subfield>
  </datafield>
</record>